<?xml version="1.0" encoding="UTF-8"?><collection xmlns="http://www.loc.gov/MARC21/slim"><record><leader>00392nam--2200121-i-4500</leader><controlfield tag="001">000012438</controlfield><controlfield tag="002">20161230</controlfield><controlfield tag="005">20161230201029</controlfield><controlfield tag="008">060222s1000------------r-----000-0-eng-d</controlfield><datafield ind1=" " ind2=" " tag="245"><subfield code="a">Curs de auto-initiere in sistemul ibm/360. traducere dupa: ibm system/360-orientation course. redactarea: ing.dan iliescu</subfield></datafield><datafield ind1=" " ind2=" " tag="260"><subfield code="a">Bucuresti, Ministerul Muncii, Cepeca, 1969</subfield></datafield><datafield ind1=" " ind2=" " tag="490"><subfield code="a">134p</subfield></datafield><datafield ind1=" " ind2=" " tag="852"><subfield code="a">681.3.06</subfield></datafield></record></collection>